<record><leader>00000cas a22000007a 4500</leader><controlfield tag="001">13102979</controlfield><controlfield tag="008">860204d19721987wiuwr ne      0    0eng d</controlfield><datafield ind1=" " ind2=" " tag="010"><subfield code="a">sn 86086312 </subfield></datafield><datafield ind1=" " ind2=" " tag="040"><subfield code="a">NPV</subfield><subfield code="b">eng</subfield><subfield code="c">NPV</subfield><subfield code="d">OCLCQ</subfield></datafield><datafield ind1=" " ind2=" " tag="032"><subfield code="a">991800</subfield><subfield code="b">USPS</subfield></datafield><datafield ind1=" " ind2=" " tag="042"><subfield code="a">msc</subfield></datafield><datafield ind1=" " ind2=" " tag="045"><subfield code="a">x7--</subfield></datafield><datafield ind1=" " ind2=" " tag="052"><subfield code="a">4123</subfield><subfield code="b">M6</subfield></datafield><datafield ind1="0" ind2="0" tag="245"><subfield code="a">South Milwaukee news graphic.</subfield></datafield><datafield ind1=" " ind2=" " tag="260"><subfield code="a">South Milwaukee, Wis. :</subfield><subfield code="b">[Community Newspapers, Inc.],</subfield><subfield code="c">1972-1987.</subfield></datafield><datafield ind1=" " ind2=" " tag="300"><subfield code="a">v. :</subfield><subfield code="b">ill.</subfield></datafield><datafield ind1=" " ind2=" " tag="310"><subfield code="a">Weekly</subfield></datafield><datafield ind1=" " ind2=" " tag="321"><subfield code="a">Weekly,</subfield><subfield code="b">Mar. 2, 1972-Sept. 12, 1974</subfield></datafield><datafield ind1=" " ind2=" " tag="321"><subfield code="a">Semiweekly,</subfield><subfield code="b">Sept. 19, 1974-June 2, 1978</subfield></datafield><datafield ind1="0" ind2=" " tag="362"><subfield code="a">No. 129 (Mar. 2, 1972)-19th year, no. 30 (July 30, 1987).</subfield></datafield><datafield ind1=" " ind2=" " tag="500"><subfield code="a">Editor: M.L. Stover, Jan. 15, 1981-Oct. 4, 1984.</subfield></datafield><datafield ind1=" " ind2=" " tag="530"><subfield code="a">Available on microfilm from The State Historical Society of Wisconsin.</subfield></datafield><datafield ind1=" " ind2=" " tag="752"><subfield code="a">United States</subfield><subfield code="b">Wisconsin</subfield><subfield code="c">Milwaukee</subfield><subfield code="d">South Milwaukee.</subfield></datafield><datafield ind1="0" ind2="0" tag="780"><subfield code="t">South Milwaukee pictorial</subfield><subfield code="w">(DLC)sn 86086311</subfield></datafield><datafield ind1="0" ind2="7" tag="785"><subfield code="t">South Milwaukee voice journal</subfield><subfield code="w">(DLC)sn 86086308</subfield></datafield><datafield ind1="0" ind2="7" tag="785"><subfield code="t">South Miwaukee voice graphic</subfield><subfield code="w">(DLC)sn 87082841</subfield></datafield><datafield ind1="1" ind2=" " tag="029"><subfield code="a">AU@</subfield><subfield code="b">000025826690</subfield></datafield></record>